<?xml version="1.0" encoding="UTF-8"?>
<collection xmlns:xsi="http://www.w3.org/2001/XMLSchema-instance" xsi:schemaLocation="http://www.loc.gov/MARC21/slim http://www.loc.gov/standards/marcxml/schema/MARC21slim.xsd" xmlns="http://www.loc.gov/MARC21/slim">
<record>
  <leader>00950cam a2200253 a 4500</leader>
  <controlfield tag="001">3274317</controlfield>
  <controlfield tag="003">NNC</controlfield>
  <controlfield tag="005">20140121185141.0</controlfield>
  <controlfield tag="008">920206s1882    tu            000 0 araod</controlfield>
  <datafield tag="035" ind1=" " ind2=" ">
    <subfield code="a">(OCoLC)ocm25224424</subfield>
  </datafield>
  <datafield tag="035" ind1=" " ind2=" ">
    <subfield code="9">AUQ6385CU</subfield>
  </datafield>
  <datafield tag="035" ind1=" " ind2=" ">
    <subfield code="a">(NNC)3274317</subfield>
  </datafield>
  <datafield tag="040" ind1=" " ind2=" ">
    <subfield code="a">CLE</subfield>
    <subfield code="c">CLE</subfield>
    <subfield code="d">ZCU</subfield>
  </datafield>
  <datafield tag="099" ind1=" " ind2=" ">
    <subfield code="a">893.781</subfield>
    <subfield code="a">M89</subfield>
  </datafield>
  <datafield tag="100" ind1="0" ind2=" ">
    <subfield code="a">Mufaḍḍal ibn Muḥammad al-Ḍabbī,</subfield>
    <subfield code="d">active 8th century.</subfield>
  </datafield>
  <datafield tag="245" ind1="1" ind2="0">
    <subfield code="a">Amthal al-ʻArab /</subfield>
    <subfield code="c">[taʾlīf] al-mufaḍḍal ibn muḥammad al-Dabbī.</subfield>
  </datafield>
  <datafield tag="250" ind1=" " ind2=" ">
    <subfield code="a">al-Ṭabʻah 1.</subfield>
  </datafield>
  <datafield tag="260" ind1=" " ind2=" ">
    <subfield code="a">Qastantīnīyah :</subfield>
    <subfield code="b">Matbaʻat al-Jawāʾib,</subfield>
    <subfield code="c">1300 [1882]</subfield>
  </datafield>
  <datafield tag="300" ind1=" " ind2=" ">
    <subfield code="a">165 p. ;</subfield>
    <subfield code="c">24 cm.</subfield>
  </datafield>
  <datafield tag="505" ind1="0" ind2=" ">
    <subfield code="a">Amthāl al-ʻArab / M.M. al-Dabbī -- Asrār al-hukamā / Y. Mustaʻsimī -- Amthal al-Hikmiyah / Y. ʻAbd Allāh.</subfield>
  </datafield>
  <datafield tag="650" ind1=" " ind2="0">
    <subfield code="a">Proverbs, Arabic.</subfield>
  </datafield>
  <datafield tag="700" ind1="1" ind2=" ">
    <subfield code="a">Yaqūt al-Mustaʻsimī, al Bagbdādī.</subfield>
    <subfield code="t">Asrār al-hukamā.</subfield>
  </datafield>
  <datafield tag="700" ind1="0" ind2=" ">
    <subfield code="a">Yūsuf ibn ʻAbd Allāh.</subfield>
    <subfield code="t">Amthāl al-Hikmiyah.</subfield>
  </datafield>
  <datafield tag="955" ind1=" " ind2=" ">
    <subfield code="b">CU58999990</subfield>
    <subfield code="d">off,glx</subfield>
    <subfield code="e">893.781 M89</subfield>
  </datafield>
</record>
</collection>